@misc{hansen2016cma,
  title         = {The CMA Evolution Strategy: A Tutorial},
  author        = {Hansen,Nikolaus},
  year          = {2016},
  eprint        = {1604.00772},
  archiveprefix = {arXiv},
  primaryclass  = {cs.LG},
  note          = {https://arxiv.org/abs/1604.00772}
}
@misc{conference_hansen_2013_page_25,
  author       = {Auger,Anne  and Hansen, Nikolaus},
  title        = {Tutorial CMA-ES — Evolution Strategies andCovariance Matrix Adaptation},
  year         = 2013,
  month        = 7,
  organization = {GECCO’13},
  note         = {pp 25. \url{http://www.cmap.polytechnique.fr/~nikolaus.hansen/gecco2013-CMA-ES-tutorial.pdf}}
}
@misc{conference_hansen_2013_page_18,
  author       = {Auger,Anne  and Hansen, Nikolaus},
  title        = {Tutorial CMA-ES — Evolution Strategies andCovariance Matrix Adaptation},
  year         = 2013,
  month        = 7,
  organization = {GECCO’13},
  note         = {pp 18. \url{http://www.cmap.polytechnique.fr/~nikolaus.hansen/gecco2013-CMA-ES-tutorial.pdf}}
}
@misc{conference_hansen_2013_page_21,
  author       = {Auger,Anne  and Hansen, Nikolaus},
  title        = {Tutorial CMA-ES — Evolution Strategies andCovariance Matrix Adaptation},
  year         = 2013,
  month        = 7,
  organization = {GECCO’13},
  note         = {pp 21. \url{http://www.cmap.polytechnique.fr/~nikolaus.hansen/gecco2013-CMA-ES-tutorial.pdf}}
}