@article{RRT_2010,
  author   = {D. López and F. Gómez-Bravo and F. Cuesta and A. Ollero},
  title    = {Planificación de Trayectorias con el Algoritmo RRT. Aplicación a Robots No Holónomos},
  journal  = {Revista Iberoamericana de Automática e Informática industrial},
  volume   = {3},
  number   = {3},
  year     = {2010},
  keywords = {Planificación de caminos; robots móviles; sistemas no holónomos; métodos aleatorios},
  issn     = {1697-7920},
  pages    = {56--67},
  url      = {https://polipapers.upv.es/index.php/RIAI/article/view/8144}
}